@article{mpi4py,
  author = {Dalcin, Lisandro and Paz, Rodrigo and Kler, Marcelo and Cosimo, Alejandro},
  title = {Parallel distributed computing using Python},
  journal = {Advances in Water Resources},
  volume = {34},
  number = {9},
  pages = {1124-1139},
  year = {2011},
  publisher = {Elsevier},
  doi = {10.1016/j.advwatres.2011.04.013},
  url = {https://doi.org/10.1016/j.advwatres.2011.04.013}
}

@misc{cea-terathermie,
  author = "{CEA}",
  title = "{Terathermie, le supercalculateur Tera chauffe le centre}",
  note = "\url{https://www.cea.fr/Documents/interactif-80-Terathermie.pdf}",
}
